@Article{jaramillo,
   author =   "A. Jarillo",
   title =   "Haptic Training Method for a Therapy on Upper Limb",
   journal =   "3rd International Conference on Biomedical Engineering and Informatics",
   month = "October",
   number = "16",
   year =   "2010",
   volume =   "4",
   pages =   "1750-1754",
}

@BOOK{cap1r1,
    AUTHOR =        {Thorsten, A.},
    TITLE =         {Engineering Haptic Devices: A Beginner's Guide for Engineers},
    PUBLISHER =        {Darmstadt Germany},
    YEAR =          {2009},
    MONTH=          {Mayo},
}
@BOOK{capitulo311,
    AUTHOR =        {Dix, A., Finlay, J. and Abowd, G.},
    TITLE =         {Human-computer Interaction},
    PUBLISHER =     {Prentice Hall},
    YEAR =          {2004},
}

@TECHREPORT{capitulo32,
  AUTHOR =       {Manén, S.},
  TITLE =        {Simulación de Objetos Planos Deformables con Resolución de Contactos y Colisiones},
  INSTITUTION =  {Instituto de Robótica e Informática Industrial (IRI)},
  YEAR =         {2010},
  number =       {08028},
}
@BOOK{capitulo33,
author =        {Taylor, B.},
title =         {Mechanical Linkage Design for Haptic Rehabilitation and Development of Fine Motor Skills},
year =          {2008}
}
@CONFERENCE{capitulo34,
author =        {Stanford, U.},
year =          {2012},
title =          {http://www.chai3d.org},
}

@CONFERENCE{capitulo36,
author =        {Massie, T. and Salisbury, K.},
title =         {The PHANTOM Haptic Interface A Device for Probing Virtual Objects},
booktitle =     {Symposium on Haptics Interfaces for Virtual Enviroment and Teleoperator Systems},
year =          {1994}
}
@TECHREPORT{capitulo37,
  AUTHOR =       {Barra, M.E.},
  TITLE =        {El test de Constant-Murley. Una revisión de sus características},
  INSTITUTION =  {Centro de Atención Primaria Sant Ildefons},
  YEAR =         {2007},
}
%-----------------------------------


%----- LIBROS ---------------------------------------------------------------------------
@BOOK{capitulo35,
    AUTHOR =        {Wright, R. and Lipchak, B.},
    TITLE =         {OpenGL SuperBible},
    PUBLISHER =        {Sams},

    YEAR =          {2005},
    MONTH =         {Diciembre},
}

@BOOK{libroverdemecatronica,
    AUTHOR =        {Ramón, S., Edgar, P. and Maria, M.},
    TITLE =         {Mecatrónica},
    PUBLISHER =        {IPN},
    YEAR =          {2010},
    MONTH=          {Diciembre},
}
@BOOK{Carr,
    AUTHOR =        {Janet, C., Roberta, B. and Shepherd, M.},
    TITLE =         {Stroke Rehabilitation -Guidelines for Exercise and Training to Optimize Motor Skill},
    PUBLISHER =        {Columbia},
    YEAR =          {2002},
    MONTH=          {Marzo},
}



@BOOK{Seis,
    AUTHOR =        {Barfield, W. and Furness, T.},
    TITLE =         {Virtual Environments and Advance Interface Design},
    PUBLISHER =        {Oxford University Press},
    YEAR =          {1995},
    MONTH=          {Mayo},
}
@BOOK{Siete,
    AUTHOR =        {Burdea, G. C.},
    TITLE =         {Force and Touch Feedback for Virtual Reality},
    PUBLISHER =        { Wiley},
    YEAR =          {1996},
    MONTH=          {Mayo},
}

@BOOK{bio,
    AUTHOR =        {Winter, D. A.},
    TITLE =         {Biomechanics and Motor Control of Human Movements},
    PUBLISHER =        { University of Waterloo Press},
    YEAR =          {1992},
    MONTH=          {Septiembre},
}
@BOOK{fisics,
    AUTHOR =        {Burbano, E. and Burbano, S.},
    TITLE =         {Física general},
    PUBLISHER =        {ed. Tebar},
    YEAR =          {2003},
    MONTH=          {octubre},
}
@BOOK{l66,
    AUTHOR =        {Kennedy, J. and Gabias, P.},
    TITLE =         {Haptics and the Blind},
    PUBLISHER =        {Geoforum},
    YEAR =          {1992},
    MONTH=          {octubre},
}

@BOOK{miembrosup,
    AUTHOR =        {Blanc, Y. and Viel, E.},
    TITLE =         {Enciclopedia médico-quirúrgica},
    PUBLISHER =        {Elsevier},
    YEAR =          {1994},
    MONTH=          {Diciembre},
}

%-------articulillos---------------------------------------------------------------------------
@CONFERENCE{Dos,
author =        {Karin, B., Tabea, S., Alexander, K., Lukas, Z. and Andreas, M.},
title =         {Influence of virtual reality soccer game on walking performance in robotic assisted gait training for children},
booktitle =     {JOURNAL OF NEUROENGINEERING AND REHABILITATION},
year =          {2010}
}
@CONFERENCE{Ocho,
author =        {Domínguez, R. and  Parra, V.},
title =         {Diseño e integración de una interfaz háptica activa realista},
booktitle =     {CINVESTAV},
year =          {2004}
}
@CONFERENCE{mimics,
author =        {Jaka, Z. and Domen, N.},
title =         {Evaluation of upper extremity robot-assitances in subacute and chronic stroke subjects},
booktitle =     {Journal of Neuroengineering And Rehabilitation},
year =          {2010}
}

@CONFERENCE{tsai,
author =        {Tsai, L. W.},
title =         {A Parallel Manipulator with Only Translational Degrees of Freedom},
booktitle =     {ASME Design Engineering Technical Conferences},
year =          {1996}
}
@CONFERENCE{brazo,
author =        {Veslin, E., Ghislain, J. and Max, S.},
title =         {Análisis Cinemático de un Exoesqueleto de Partes Superiores de 7 GDL},
booktitle =     {UNAB, Colombia}
year =          {2005}
}
%------------tesis---------------------------------------------------------------
@CONFERENCE{andres,
author =        {Andres, R.},
title =         {Sistema Robótico Multimodal para Análisis y Estudios en Biomecánica, Movimiento Humano y Control Neuromotor},
year =          {2008}
}

@CONFERENCE{84,
author =        {Maurel, W.},
title =         {3D Modeling of de Human Upper Limb Incluiding the Biomechanics of Joints, Muscles and Soft Tissues},
booktitle =     {PhD thesis},
year =          {1998}
}


% --------- Web -------------------------------------------------------------
@CONFERENCE{Cuatro,
author =        {Novint},
year =          {2009},
title =          {http://home.novint.com/products/novintfalcon.php},
}
@CONFERENCE{C2link1,
author =        {Novint},
year =          {2011},
title =          {http://www.novint.com/index.php/novintxio/41},
}
@CONFERENCE{Nueve,
author =        {INEGI},
year  =        {2010},
title =          {http://cuentame.inegi.org.mx/impresion/poblacion/discapacidad.asp},
}
%---------------------------------------------------------------------------------
%---------------Reportes---------------------------------------------
@TECHREPORT{Cinco,
  AUTHOR =       {Salisbury,K. and Mandayam A. Srinivasan},
  TITLE =        {Virtual Environment Technology for Training (VETT)},
  INSTITUTION =  {MIT, Cambridge},
  YEAR =         {1992},
  number =       {7661},

}
@TECHREPORT{Diez,
  AUTHOR =       {Daniel C. Sevier},
  TITLE =        {Introduction of the 3D Mouse into Stroke Rehabilitation},
  INSTITUTION =  {School of Design Innovation Arizona State University},
  YEAR =         {2009},
  number =       {1},

}
%-------------------------------------------------------------------------------

@BOOK{Abowd,
    AUTHOR =        {A. Dix, J. Finaly, G. Abowd y R. Beale},
    TITLE =         {Human-Computer interaction},
    PUBLISHER =        {Prentice-Hall},
    YEAR =          {1998},
    MONTH=          {Marzo},
}

@BOOK{Norman,
    AUTHOR =        {D. A. Norman and S. Draper},
    TITLE =         {User Centered System Design: New Perspectives on Human-Computer Interaction},
    PUBLISHER =        {Lawrence Erlbaum Associates},
    YEAR =          {1986},
    MONTH =         {New York},
}
